<record xmlns="http://www.loc.gov/MARC21/slim" xmlns:xsi="http://www.w3.org/2001/XMLSchema-instance" xsi:schemaLocation="http://www.loc.gov/MARC21/slim http://www.loc.gov/standards/marcxml/schema/MARC21slim.xsd"><leader>01129cz   2200217n  4500</leader><controlfield tag="001">oca03898472 </controlfield><controlfield tag="005">20001104070540.0</controlfield><controlfield tag="008">950811n| acannaabn          |a aaa     c</controlfield><datafield ind1=" " ind2=" " tag="010"><subfield code="a">nr 95029625 </subfield></datafield><datafield ind1=" " ind2=" " tag="040"><subfield code="a">NNC</subfield><subfield code="b">eng</subfield><subfield code="c">NNC</subfield><subfield code="d">OCoLC</subfield></datafield><datafield ind1="1" ind2=" " tag="100"><subfield code="a">Mucianus, C. Licinius,</subfield><subfield code="d">fl. 52-77</subfield></datafield><datafield ind1="1" ind2=" " tag="400"><subfield code="a">Mucianus, Gaius Licinius,</subfield><subfield code="d">fl. 52-77</subfield></datafield><datafield ind1="1" ind2=" " tag="400"><subfield code="a">Licinius Mucianus, C.,</subfield><subfield code="d">fl. 52-77</subfield></datafield><datafield ind1="0" ind2=" " tag="400"><subfield code="a">C. Licinius Mucianus,</subfield><subfield code="d">fl. 52-77</subfield></datafield><datafield ind1="1" ind2=" " tag="400"><subfield code="a">Mucianus, Licinius,</subfield><subfield code="d">fl. 52-77</subfield></datafield><datafield ind1="0" ind2=" " tag="400"><subfield code="a">Mucianus,</subfield><subfield code="d">fl. 52-77</subfield></datafield><datafield ind1=" " ind2=" " tag="670"><subfield code="a">His Historiae [CF] 1991:</subfield><subfield code="b">PHI CD ROM #5.3, Latin Canon, bibliographic screen (C. Licinius Mucianus)</subfield></datafield><datafield ind1=" " ind2=" " tag="670"><subfield code="a">Pauly-Wissowa:</subfield><subfield code="b">25, Halbbd., col. 436-443; "Licinius", #116a (C. Licinius Mucianus; usually Licinius Mucianus, often only Mucianus; stateman and author; d. between 75 and 77)</subfield></datafield><datafield ind1=" " ind2=" " tag="670"><subfield code="a">Oxford class. dict., 1st ed.:</subfield><subfield code="b">p. 581 (Mucianus, Gaius Licinius; legate of Syria, 69; consul suffectus in 70 and 72)</subfield></datafield><datafield ind1=" " ind2=" " tag="670"><subfield code="a">Dict. of Greek and Roman biography and mythology, 1967:</subfield><subfield code="b">v. 2, p. 1118(Mucianus, Licinius; consul, 52, 70 and 75; seems to have died in the reign of Vespasian)</subfield></datafield><datafield ind1=" " ind2=" " tag="675"><subfield code="a">NUC pre-56.</subfield></datafield></record>